@misc{gonzalez2002digital,
  title={Digital image processing},
  author={Gonzalez, Rafael C and Woods, Richard E},
  year={2002},
  publisher={Prentice hall Upper Saddle River, NJ:}
}
@article{rosenblatt1958perceptron,
  title={The perceptron: a probabilistic model for information storage and organization in the brain.},
  author={Rosenblatt, Frank},
  journal={Psychological review},
  volume={65},
  number={6},
  pages={386},
  year={1958},
  publisher={American Psychological Association}
}

@misc{perceptron_slides2,
  title={The perceptron storage problem (2)},
  author={M. Biehl},
  year={2014},
  howpublished={Accessed through \url{http://nestor.rug.nl}}
}