@misc{perceptron_slides2,
  title={Learning a linearly separable rule from reliable examples},
  author={M. Biehl},
  year={2014},
  howpublished={Accessed through \url{http://nestor.rug.nl}}
}